<record><leader>00000cas a22000007a 4500</leader><controlfield tag="001">14923043</controlfield><controlfield tag="008">861204u1938uuuutxuwr ne      0    0eng d</controlfield><datafield ind1=" " ind2=" " tag="010"><subfield code="a">sn 86090353 </subfield></datafield><datafield ind1=" " ind2=" " tag="040"><subfield code="a">PPM</subfield><subfield code="b">eng</subfield><subfield code="c">PPM</subfield><subfield code="d">OCLCQ</subfield></datafield><datafield ind1=" " ind2=" " tag="042"><subfield code="a">msc</subfield></datafield><datafield ind1="0" ind2="4" tag="245"><subfield code="a">The Trinity standard.</subfield></datafield><datafield ind1="1" ind2="7" tag="246"><subfield code="a">Trinity standard-Lovelady star</subfield></datafield><datafield ind1=" " ind2=" " tag="260"><subfield code="a">Trinity, Tex. :</subfield><subfield code="b">Lewis Redell</subfield></datafield><datafield ind1=" " ind2=" " tag="300"><subfield code="a">v. :</subfield><subfield code="b">ill. ;</subfield><subfield code="c">56 cm.</subfield></datafield><datafield ind1=" " ind2=" " tag="310"><subfield code="a">Weekly</subfield></datafield><datafield ind1="1" ind2=" " tag="362"><subfield code="a">Began in July 1938?</subfield></datafield><datafield ind1=" " ind2=" " tag="588"><subfield code="a">Description based on: Vol. 12, no. 32 (July 22, 1938).</subfield></datafield><datafield ind1=" " ind2=" " tag="752"><subfield code="a">United States</subfield><subfield code="b">Texas</subfield><subfield code="c">Trinity</subfield><subfield code="d">Trinity.</subfield></datafield><datafield ind1="0" ind2="0" tag="780"><subfield code="t">Trinity standard the Lovelady star</subfield></datafield><datafield ind1="1" ind2=" " tag="029"><subfield code="a">AU@</subfield><subfield code="b">000025787770</subfield></datafield></record>